@article{cms2008cms,
  title={The CMS experiment at the CERN LHC},
  author={Cms Collaboration and others},
  journal={Journal of instrumentation},
  volume={3},
  number={August 2008},
  pages={1--334},
  year={2008},
  publisher={IOP Publishing Ltd.}
}

@techreport{collaboration2021phase,
  title={The phase-2 upgrade of the CMS data acquisition and high level trigger},
  author={Collaboration, CMS},
  year={2021}
}

@article{sirunyan2020performance,
  title={Performance of the CMS Level-1 trigger in proton-proton collisions atâˆš s= 13 TeV},
  author={Sirunyan, Albert M and Tumasyan, Armen and Adam, Wolfgang and Ambrogi, Federico and Arnold, Bernhard and Bergauer, Herbert and Bergauer, Thomas and Dragicevic, Marko and Ero, J and Del Valle, A Escalante and others},
  journal={Journal of Instrumentation},
  volume={15},
  number={10},
  year={2020}
}